@preamble{ " \newcommand{\noop}[1]{} " }

% OUTLIER DETECTION IN MULTIVARIATE TIME SERIES, HIGH-DIM, STREAMING

@article{gupta2014outlier,
	title={Outlier detection for temporal data: {A} survey},
	author={Gupta, Manish and Gao, Jing and Aggarwal, Charu C and Han, Jiawei},
	journal={IEEE Transactions on Knowledge and Data Engineering},
	volume={26},
	number={9},
	pages={2250--2267},
	year={2014},
	publisher={IEEE}
}

@article{zimek2012survey,
	title={A survey on unsupervised outlier detection in high-dimensional numerical data},
	author={Zimek, Arthur and Schubert, Erich and Kriegel, Hans-Peter},
	journal={Statistical Analysis and Data Mining: The {ASA} Data Science Journal},
	volume={5},
	number={5},
	pages={363--387},
	year={2012},
	publisher={Wiley Online Library}
}

@article{ahmad2017unsupervised,
	title={Unsupervised real-time anomaly detection for streaming data},
	author={Ahmad, Subutai and Lavin, Alexander and Purdy, Scott and Agha, Zuha},
	journal={Neurocomputing},
	volume={262},
	pages={134--147},
	year={2017},
	publisher={Elsevier}
}


@article{chandola2009anomaly,
	title={Anomaly detection: {A} survey},
	author={Chandola, Varun and Banerjee, Arindam and Kumar, Vipin},
	journal={ACM computing surveys (CSUR)},
	volume={41},
	number={3},
	pages={15},
	year={2009},
	publisher={ACM}
}



% RELATED WORK


@article{pevny2016loda,
	title={Loda: {L}ightweight on-line detector of anomalies},
	author={Pevn{\`y}, Tom{\'a}{\v{s}}},
	journal={Machine Learning},
	volume={102},
	number={2},
	pages={275--304},
	year={2016},
	publisher={Springer}
}

@inproceedings{cao2014scalable,
	title={Scalable distance-based outlier detection over high-volume data streams},
	author={Cao, Lei and Yang, Di and Wang, Qingyang and Yu, Yanwei and Wang, Jiayuan and Rundensteiner, Elke A},
	booktitle={Data Engineering (ICDE), 2014 IEEE 30th International Conference on},
	pages={76--87},
	year={2014},
	organization={IEEE}
}



% Ahmad & ...
@article{cui2016continuous,
	title={Continuous online sequence learning with an unsupervised neural network model},
	author={Cui, Yuwei and Ahmad, Subutai and Hawkins, Jeff},
	journal={Neural computation},
	volume={28},
	number={11},
	pages={2474--2504},
	year={2016},
	publisher={MIT Press}
}



% Reconstruction based outlier detection

@inproceedings{beyer1999nearest,
	title={When is “nearest neighbor” meaningful?},
	author={Beyer, Kevin and Goldstein, Jonathan and Ramakrishnan, Raghu and Shaft, Uri},
	booktitle={International conference on database theory},
	pages={217--235},
	year={1999},
	organization={Springer}
}

@incollection{jolliffe1986principal,
	title={Principal component analysis and factor analysis},
	author={Jolliffe, Ian T},
	booktitle={Principal component analysis},
	year={1986},
	publisher={Springer}
}

@inproceedings{ghashami2016streaming,
	title={Streaming kernel principal component analysis},
	author={Ghashami, Mina and Perry, Daniel J and Phillips, Jeff},
	booktitle={Artificial Intelligence and Statistics},
	pages={1365--1374},
	year={2016}
}

@inproceedings{japkowicz1995novelty,
	title={A novelty detection approach to classification},
	author={Japkowicz, Nathalie and Myers, Catherine and Gluck, Mark and others},
	title={IJCAI},
	volume={1},
	pages={518--523},
	year={1995}
}

@article{nairac1999system,
	title={A system for the analysis of jet engine vibration data},
	author={Nairac, Alexandre and Townsend, Neil and Carr, Roy and King, Steve and Cowley, Peter and Tarassenko, Lionel},
	journal={Integrated Computer-Aided Engineering},
	volume={6},
	number={1},
	pages={53--66},
	year={1999},
	publisher={IOS Press}
}

@inproceedings{solch2016variational,
	title={Variational inference for on-line anomaly detection in high-dimensional time series},
	author={S{\"o}lch, Maximilian and Bayer, Justin and Ludersdorfer, Marvin and van der Smagt, Patrick},
	booktitle={Proceedings of the 33rd International Conference on Machine Learning},
	volumne={48},
	year={2016},
	organization={ACM}
}


% JL LEMMA RELATED

@article{johnson1984extensions,
	title={Extensions of {L}ipschitz mappings into a {H}ilbert space},
	author={Johnson, William B and Lindenstrauss, Joram},
	journal={Contemporary mathematics},
	volume={26},
	number={189-206},
	pages={1},
	year={1984}
}

@inproceedings{bingham2001random,
	title={Random projection in dimensionality reduction: applications to image and text data},
	author={Bingham, Ella and Mannila, Heikki},
	booktitle={Proceedings of the 7th {ACM SIGKDD} international conference on Knowledge Discovery and Data mining},
	pages={245--250},
	year={2001},
	organization={ACM}
}

@article{ailon2009fast,
	title={The fast {J}ohnson--{L}indenstrauss transform and approximate nearest neighbors},
	author={Ailon, Nir and Chazelle, Bernard},
	journal={SIAM Journal on computing},
	volume={39},
	number={1},
	pages={302--322},
	year={2009},
	publisher={SIAM}
}

@inproceedings{aggarwal2015outlier,
  title={Outlier {A}nalysis},
  author={Aggarwal, {C}haru {C}},
  booktitle={Data {M}ining},
  pages={237--263},
  year={2015},
  organization={Springer}
}

@article{achlioptas2003database,
	title={Database-friendly random projections: {J}ohnson-{L}indenstrauss with binary coins},
	author={Achlioptas, Dimitris},
	journal={Journal of Computer and System Sciences},
	volume={66},
	number={4},
	pages={671--687},
	year={2003},
	publisher={Elsevier}
}

@inproceedings{venkatasubramanian2011johnson,
	title={The {J}ohnson-{L}indenstrauss transform: an empirical study},
	author={Venkatasubramanian, Suresh and Wang, Qiushi},
	booktitle={Proceedings of the 13th Workshop on Algorithm Engineering and Experiments (ALENEX)},
	pages={164--173},
	year={2011},
	organization={SIAM}
}

@inproceedings{indyk1998approximate,
	title={Approximate nearest neighbors: towards removing the curse of dimensionality},
	author={Indyk, Piotr and Motwani, Rajeev},
	booktitle={Proceedings of the 30th annual ACM symposium on Theory of computing},
	pages={604--613},
	year={1998},
	organization={ACM}
}

@inproceedings{fradkin2003experiments,
	title={Experiments with random projections for machine learning},
	author={Fradkin, Dmitriy and Madigan, David},
	booktitle={Proceedings of the 9th {ACM SIGKDD} international conference on Knowledge discovery and data mining},
	pages={517--522},
	year={2003},
	organization={ACM}
}


@inproceedings{li2006very,
	title={Very sparse random projections},
	author={Li, Ping and Hastie, Trevor J and Church, Kenneth W},
	booktitle={Proceedings of the 12th {ACM SIGKDD} international conference on Knowledge discovery and data mining},
	pages={287--296},
	year={2006},
	organization={ACM}
}

@article{krahmer2011new,
	title={New and improved {J}ohnson--{L}indenstrauss embeddings via the restricted isometry property},
	author={Krahmer, Felix and Ward, Rachel},
	journal={SIAM Journal on Mathematical Analysis},
	volume={43},
	number={3},
	pages={1269--1281},
	year={2011},
	publisher={SIAM}
}

@inproceedings{clarkson2013low,
	title={Low rank approximation and regression in input sparsity time},
	author={Clarkson, Kenneth L and Woodruff, David P},
	booktitle={Proceedings of the 45th annual ACM symposium on Theory of computing},
	pages={81--90},
	year={2013},
	organization={ACM}
}

@misc{scikit2018random,
	title = {Scikit-learn: {R}andom {P}rojection},
	howpublished = {\url{http://scikit-learn.org/stable/modules/random_projection.html#gaussian-random-matrix}},
	note = {Accessed: 31-05-2018}
}

@inproceedings{arriaga1999algorithmic,
	title={An algorithmic theory of learning: {R}obust concepts and random projection},
	author={Arriaga, Rosa I and Vempala, Santosh},
	booktitle={Proceedings of the 40th IEEE Annual Symposium on Foundations of Computer Science},
	pages={616--623},
	year={1999},
	organization={IEEE}
}


% PCA, SPIRIT, RELATED WORK

@article{balzano2018streaming,
	title = {A Modern Perspective on Streaming {PCA} and Subspace Tracking: The Missing Data Case},
	author  = {Balzano, Laura and Chi, Yuejie and Lu, Yue M.}, 
	year    = "\noop{3002} forthcoming",
	publisher = {IEEE},
}

@inproceedings{papadimitriou2005streaming,
	title={Streaming pattern discovery in multiple time-series},
	author={Papadimitriou, Spiros and Sun, Jimeng and Faloutsos, Christos},
	booktitle={Proceedings of the 31st international conference on Very Large Data Bases},
	pages={697--708},
	year={2005},
	organization={VLDB Endowment}
}


% METHOD

@article{finch2009incremental,
	title={Incremental calculation of weighted mean and variance},
	author={Finch, Tony},
	journal={University of Cambridge},
	volume={4},
	pages={11--5},
	year={2009}
}




% EVALUATION

@article{hanley1982meaning,
	title={The meaning and use of the area under a receiver operating characteristic {(ROC)} curve.},
	author={Hanley, James A and McNeil, Barbara J},
	journal={Radiology},
	volume={143},
	number={1},
	pages={29--36},
	year={1982}
}

@article{mchugh2000testing,
	title={Testing intrusion detection systems: A critique of the 1998 and 1999 {DARPA} intrusion detection system evaluations as performed by lincoln laboratory},
	author={McHugh, John},
	journal={{ACM} {T}ransactions on {I}nformation and {S}ystem {S}ecurity ({TISSEC})},
	volume={3},
	number={4},
	pages={262--294},
	year={2000},
	publisher={ACM}
}

@article{student1908probable,
	title={The probable error of a mean},
	author={Student},
	journal={Biometrika},
	pages={1--25},
	year={1908},
	publisher={JSTOR}
}


@article{campos2016evaluation,
	title={On the evaluation of unsupervised outlier detection: measures, datasets, and an empirical study},
	author={Campos, Guilherme O and Zimek, Arthur and Sander, J{\"o}rg and Campello, Ricardo JGB and Micenkov{\'a}, Barbora and Schubert, Erich and Assent, Ira and Houle, Michael E},
	journal={Data Mining and Knowledge Discovery},
	volume={30},
	number={4},
	pages={891--927},
	year={2016},
	publisher={Springer}
}


% EXPERIMENTS

@misc{yahoo2015s5,
	title = {Computing Systems Data: S5 - A Labeled Anomaly Detection Dataset, version 1.0(16M)},
	howpublished = {\url{https://webscope.sandbox.yahoo.com/catalog.php?datatype=s}},
	note = {Accessed: 07-06-2018}
}


@inproceedings{bruijn2016benchmark,
	title={Benchmark Datasets for Fault Detection and Classification in Sensor Data.},
	author={de Bruijn, Bas and Nguyen, Tuan Anh and Bucur, Doina and Tei, Kenji},
	booktitle={SENSORNETS},
	pages={185--195},
	year={2016}
}

@inproceedings{goh2016dataset,
	title={A dataset to support research in the design of secure water treatment systems},
	author={Goh, Jonathan and Adepu, Sridhar and Junejo, Khurum Nazir and Mathur, Aditya},
	booktitle={International Conference on Critical Information Infrastructures Security},
	pages={88--99},
	year={2016},
	organization={Springer}
}


@inproceedings{breunig2000lof,
	title={LOF: identifying density-based local outliers},
	author={Breunig, Markus M and Kriegel, Hans-Peter and Ng, Raymond T and Sander, J{\"o}rg},
	booktitle={Proceedings of the 2000 ACM SIGMOD International Conference on Management of Data},
	volume={29},
	number={2},
	pages={93--104},
	year={2000},
	organization={ACM}
}


@inproceedings{liu2008isolation,
	title={Isolation forest},
	author={Liu, Fei Tony and Ting, Kai Ming and Zhou, Zhi-Hua},
	booktitle={Proceedings of the 8th IEEE International Conference on Data Mining},
	pages={413--422},
	year={2008},
	organization={IEEE}
}


@misc{uci2018data,
	title = {{UC} {I}rvine {M}achine {L}earning {R}epository},
	howpublished = {\url{https://archive.ics.uci.edu/ml/index.php}},
	note = {Accessed: 15-05-2018}
}


@misc{odds2016,
	author = {Shebuti Rayana},
	howpublished = {\url{http://odds.cs.stonybrook.edu}},
	year = {2016},
	title = {{ODDS} {L}ibrary},
	institution = {Stony Brook University} 
}



